%% This BibTeX bibliography file was created using BibDesk.
%% http://bibdesk.sourceforge.net/


%% Created for J Pedro Sanchez Santana at 2015-06-14 18:44:01 -0500 
%% Saved with string encoding Unicode (UTF-8) 
@book{siewart:04,
	author={R. Siewart and I. Nourbakhsh},
	title={Introduction to Autonomous Mobile Robots},
	publisher={The MIT Press},
	year={2004},
	address={London, England},
}

@book{canudas:63,
	author={C. Canudas and B. Siciliano and G. Bastin},
	title={Theory of Robot Control},
	publisher={Springer},
	year={1996},
	address={London},
}

@article{campion:96,
	author={G. Campion and G. Bastin and B. D'Andrea},
	title={Structural Properties and Classification of Kinematic and Dynamic Models of Wheeled Mobile Robots},
	journal={IEEE Transactions on Robotics and Automation},
	year={1996},
	pages={47--62}
}

@article{borenstein:96,
	author={J. Borenstein and H. R. Everett and L. Feng and D. Wehe},
	title={Mobile Robot Positining - Sensors and Techniques},
	journal={Journal of Robotics Systems},
	year={1996},
	pages={231--249}
}

@article{petriu:98,
	author={E. M. Petriu},
	title={Absolute Position Measurement using Pseudo-Random Binary Encoding},
	journal={Instrumentation and Measurement Magazine },
	year={1998},
	pages={19--23}
}

@article{villarreal:12,
	author={M. G. Villarreal-Cervantes and J. S. Pantoja-García},
	title={Análisis comparativo entre un control heurístico y un PID para un sistema mecatrónico},
	journal={3th International Supercomputing Conference},
	year={2012},
	pages={14--16}
}

@article{fu:13,
	author={G. Fu and J. Zhang and W. Chen and F. Peng and P. Yang and C. Chen},
	title={Precise Localization of Mobile Robots via Odometry and Wireless Sensor Network},
	journal={International Journal Advance Robotics Systems},
	year={2013},
	pages={1--13}
}

@article{arsenio:98,
	author={A. Arsénio and M. I. Ribeiro},
	title={Absolute Localization of Mobile Robots using Natural Landmarks},
	journal={search},
	year={1998},
	pages={483--486}
}

@article{huang:06,
	author={J. Huang and S. Ishikawa and M. Ebana and H. Li and Q. Zhao},
	title={Robot Position Identification by Actively Lcalization Sound Beacon},
	journal={Instrumentation and Measurement Technology Conference },
	year={2006},
	pages={1908--1912}
}

@article{guerreros:14,
	author={J. F. Guerrero-Castellanos and M. G. Villarreal-Cervantes and J. P. Sánchez-Santana and S. Ramírez-Martínez,},
	title={Seguimiento de trayectorias de un robot móvil (3,0) mediante control acotado},
	journal={Revista Iberoamericana de Automática e Informática},
	year={2014},
	pages={426--434}
}

@article{tezartes:14,
	author={D. Tezartes},
	title={An historical perspective on inertial navigation systems},
	journal={Internationa Symposium on Internationa Inertial Sensors and Systems},
	year={2014},
	pages={1--5}
}

@article{grant:08,
	author={H. Grant and T. C. Willia},
	title={Strategic intertial navigation systems -high-accuracy inertially stabilized platforms for hostile environmets},
	journal={IEEE Control Systems},
	year={2008},
	pages={65--85}
}

@article{ford:94,
	author={W. E. Ford},
	title={What is an open architecture robot controller?},
	journal={IEEE Internationa Symposium on Intellingent Control},
	year={1994},
	pages={27--32}
}

@article{villarreal:16,
	author={M. G. Villarreal-Cervantes, D. De-la-Cruz-Muciño, J. S. Pantoja-García, G. Sepúlveda-Cervantes},
	title={Arquitectura de control abierta basado en PC para sistemas mecatrónicos},
	journal={Polibits},
	year={2016},
	pages={xx-xx}.
}

@misc{villarreal:15,
	author={M. G. Villarreal-Cervantes},
	title = {Notas de Lectura: Modelo cinemático y dinámico del robot móvil (3,0)},
	year={2015},
}

@article{ramirez:14,
	author={S. Ramírez and J. F. Guerreros and M. G. Villarreal and J. P. Sánchez and S. E. Maya},
	title={Estabilización de un robot móvil (3,0) mediante control disparado por eventos},
	journal={Memorias del XVI Congreso Latinoamericano de Control Automático},
	year={2014},
	pages={738--743}
}

@article{villarreal-guerreros:15,
	author={M. G. Villarreal-Cervantes, J. F. Guerrero-Castellanos, S. Ramírez-Martínez, J. P. Sánchez-Santana,},
	title={Stabilization of a (3,0) mobile robot by means of an event-triggered control},
	journal={ ISA Transactions},
	OPTvolume = {58},
	year={2015},
	pages={605--613}
}

@article{xu:09,
	author={H. Xu and J. J. Collins},
	title={Estimating the Odometry Error of a Mobile Robot by Neural Networks},
	journal={International Conference on Machine Learning and Applications},
	year={2009},
	pages={378--385}
}

@article{guerreros:14,
	author={J.F. Guerrero-Castellanos and M. G. Villarreal-Cervantes and J. P. Sánchez-Santanaa and S. Ramírez-Martíneza},
	title={Seguimiento de trayectorias de un robot móvil (3,0) mediante control acotado},
	journal={Revista Iberoamericana de Automática e Informática industrial},
	year={2014},
	pages={378--385}
}

@article{villarreal:14,
	author={M. G. Villarreal},
	title={Control PID robusto de un robot manipulador con base en un problema de optimización dinámica},
	journal={Memorias del XVI Congreso Latinoamericano de Control automático.},
	year={2014},
	pages={1428--1443}
}

@article{villarreal-Alvarez:16,
	author={M. G. Villarreal-Cervantes and J. Alvarez-Gallegos},
	title={Off-line PID control tuning for a planar parallel robot using DE variants, Expert Systems with Applications},
	journal={Expert Systems with Applications},
	year={2016},
	pages={xx--xx}
}

@incollection{AbTaRu:54,
	author={B.C. Able and R.A. Tagg and M. Rush},
	title={Enzyme-catalyzed cellular transanimations},
	pages={125--247},
	editor={A.F. Round},
	publisher={Academic  Press},
	year={1954},
	volume={2},
	booktitle={Advances in Enzymology},
	address={New York},
	edition={3rd},
}

@book{Bak:63a,
	author={R.C. Baker},
	title={Microscopic Staining Techniques},
	publisher={Butterworths},
	year={1996},
	address={London},
}

@article{Bak:63b,
	author={R.C. Baker},
	title={Methods of preparing thin-section slides},
	journal={J. Brit. Med. Assoc.},
	year={19},
	volume={34},
	pages={184--186},
}

@book{Heritage:92,
      editor={A. H. Soukhanov},
	title="{The American Heritage. Dictionary of the American Language}",
	publisher={Houghton Mifflin Company},
	year={1992},

}

@article{ChaRou:66,
	author={F.H. Charlie and M.B. Routh},
	title={The Chemical Destination of Toxins},
	journal={J. Am. Chem. Soc.},
	year={1966},
	volume={66},
	pages={267--269},
}

@incollection{Dog:58,
	author={P.R. Dog},
	title={},
	booktitle={Chemical Carcinogenesis},
	publisher={Chapman \& Hall},
	year={1958},
	editor={R.W. Brown},
	chapter={7},
	volume={II},
	pages={56--98},
	address={London},
}

@book{Keo:58,
	author={R. Keohane},
	title={Power and Interdependence: World Politics in Transitions},
	publisher={Little, Brown \& Co.},
	year={1958},
	address={Boston},
}

@article{Pow:85,
	author={T. Powers},
	title={Is there a way out?},
	journal={Harpers},
	year={1985},
	pages={35--47},
	month=jun,
}

@book{kelly:05,
	author={R. Kelly and V. Santibáñez and A. Loría},
	title={Control of Robot Manipulators in Joint Space},
	publisher={Springer-Verlag},
	year={2005},
	address={London},
}

@misc{Sol:89,
	author={Solo},
	year={1989},
}
